@article{Max:1995:OMD:614258.614298,
	author = {Max, Nelson},
	title = {Optical Models for Direct Volume Rendering},
	journal = {IEEE Transactions on Visualization and Computer Graphics},
	issue_date = {June 1995},
	volume = {1},
	number = {2},
	month = jun,
	year = {1995},
	issn = {1077-2626},
	pages = {99--108},
	numpages = {10},
	url = {http://dx.doi.org/10.1109/2945.468400},
	doi = {10.1109/2945.468400},
	acmid = {614298},
	publisher = {IEEE Educational Activities Department},
	address = {Piscataway, NJ, USA},
	keywords = {Optical models, multiple scattering, extinction, volume shadows, volume rendering, emission, volume shading, participating media, discrete ordinates method, compositing.},
},

@inproceedings{conf/pg/JungPP98,
	added-at = {2003-09-25T00:00:00.000+0200},
	author = {Jung, Moon-Ryul and Park, Hyunwoo and Paik, Doowon},
	biburl = {http://www.bibsonomy.org/bibtex/2f09e71371b2e689ff166326a8940984c/dblp},
	booktitle = {Pacific Conference on Computer Graphics and Applications},
	crossref = {conf/pg/1998},
	date = {2003-09-25},
	description = {dblp},
	ee = {http://csdl.computer.org/comp/proceedings/pg/1998/8620/00/86200079abs.htm},
	interhash = {3912c826f06cfab74b6d20861f1b47f7},
	intrahash = {f09e71371b2e689ff166326a8940984c},
	isbn = {0-8186-8620-0},
	keywords = {dblp},
	pages = {79-86},
	publisher = {IEEE Computer Society},
	timestamp = {2003-09-25T00:00:00.000+0200},
	title = {An Analytical Ray Casting of Volume Data.},
	url = {http://dblp.uni-trier.de/db/conf/pg/pg1998.html#JungPP98},
	year = 1998
},

@article {10.1111:j.1467-8659.2009.01464.x,
	journal = {Computer Graphics Forum},
	title = {{A Directional Occlusion Shading Model for Interactive Direct Volume Rendering}},
	author = {Schott, Mathias and Pegoraro, Vincent and Hansen, Charles and Boulanger, KÃ©vin and Bouatouch, Kadi},
	year = {2009},
	publisher = {The Eurographics Association and Blackwell Publishing Ltd.},
	ISSN = {1467-8659},
	DOI = {10.1111/j.1467-8659.2009.01464.x}
},

@article{journals/tvcg/KnissPHSM03,
	added-at = {2011-11-07T00:00:00.000+0100},
	author = {Kniss, Joe and Premoze, Simon and Hansen, Charles D. and Shirley, Peter and McPherson, Allen},
	biburl = {http://www.bibsonomy.org/bibtex/254c0a2c10ac6e9c1b2f855e5427d700a/dblp},
	ee = {http://doi.ieeecomputersociety.org/10.1109/TVCG.2003.1196003},
	interhash = {8f5487409cc7e574e352cd6c50e56d40},
	intrahash = {54c0a2c10ac6e9c1b2f855e5427d700a},
	journal = {IEEE Trans. Vis. Comput. Graph.},
	keywords = {dblp},
	number = 2,
	pages = {150-162},
	timestamp = {2011-11-08T11:51:07.000+0100},
	title = {A Model for Volume Lighting and Modeling.},
	url = {http://dblp.uni-trier.de/db/journals/tvcg/tvcg9.html#KnissPHSM03},
	volume = 9,
	year = 2003
},

@article{JKRY12,
	author       = {J{\"o}nsson, Daniel and Kronander, Joel and Ropinski, Timo and Ynnerman, Anders},
	title        = {{Historygrams: Enabling Interactive Global Illumination in Direct Volume Rendering using Photon Mapping}},
	journal      = {IEEE Transactions on Visualization and Computer Graphics (TVCG)},
	number       = {12},
	volume       = {18},
	pages        = {2364--2371},
	year         = {2012}
},

@article{JSYR14,
	author       = {J{\"o}nsson, Daniel and Sund\'en, Erik and Ynnerman, Anders and Ropinski, Timo},
	title        = {{A Survey of Volumetric Illumination Techniques for Interactive Volume Rendering}},
	journal      = {Computer Graphics Forum},
	number       = {1},
	volume       = {33},
	pages        = {27--51},
	year         = {2014}
},

@article{journals/tvcg/AmentSW13,
	added-at = {2013-11-15T00:00:00.000+0100},
	author = {Ament, Marco and Sadlo, Filip and Weiskopf, Daniel},
	biburl = {http://www.bibsonomy.org/bibtex/22475a47b85ae3f01527b9d51cade8e3c/dblp},
	ee = {http://dx.doi.org/10.1109/TVCG.2013.129},
	interhash = {4aca7c791300f7a0a80ea60e0a82a5f5},
	intrahash = {2475a47b85ae3f01527b9d51cade8e3c},
	journal = {IEEE Trans. Vis. Comput. Graph.},
	keywords = {dblp},
	number = 12,
	pages = {2936-2945},
	timestamp = {2013-11-16T11:33:02.000+0100},
	title = {Ambient Volume Scattering.},
	url = {http://dblp.uni-trier.de/db/journals/tvcg/tvcg19.html#AmentSW13},
	volume = 19,
	year = 2013
},

@Article { KPB12a,
	author       = "Kroes, Thomas and Post, Frits H. and Botha, Charl P.",
	title        = "Exposure render: an interactive photo-realistic volume rendering framework",
	journal      = "PLoS ONE",
	number       = "7",
	volume       = "7",
	month        = "07",
	year         = "2012",
	note         = "10.1371/journal.pone.0038586",
	url          = "http://graphics.tudelft.nl/Publications-new/2012/KPB12a"
},

@article{Blinn:1982:LRF:965145.801255,
	author = {Blinn, James F.},
	title = {Light Reflection Functions for Simulation of Clouds and Dusty Surfaces},
	journal = {SIGGRAPH Comput. Graph.},
	issue_date = {July 1982},
	volume = {16},
	number = {3},
	month = jul,
	year = {1982},
	issn = {0097-8930},
	pages = {21--29},
	numpages = {9},
	url = {http://doi.acm.org/10.1145/965145.801255},
	doi = {10.1145/965145.801255},
	acmid = {801255},
	publisher = {ACM},
	address = {New York, NY, USA},
},

@article{ grottel2014megamol,
	author = {Grottel, S. and Krone, M. and Muller, C. and Reina, G. and Ertl, T.},
	journal = {Visualization and Computer Graphics, IEEE Transactions on},
	title = {MegaMol---A Prototyping Framework for Particle-based Visualization},
	year = {2015},
	month = {Feb},
	volume = {21},
	number = {2},
	pages = {201--214},
	keywords = {Data models;Data visualization;Graphics processing units;Libraries;Rendering (computer graphics);Visualization},
	url = {http://dx.doi.org/10.1109/TVCG.2014.2350479},
	doi = {10.1109/TVCG.2014.2350479},
	issn = {1077-2626},
	affiliations = {CGV,VISUS},
	areas = {VA},
	projects = {VICCI}
},

@ARTICLE{Wang04imagequality,
	author 	= {Zhou Wang and Alan C. Bovik and Hamid R. Sheikh and Eero P. Simoncelli},
	title 	= {Image Quality Assessment: From Error Visibility to Structural Similarity},
	journal 	= {IEEE TRANSACTIONS ON IMAGE PROCESSING},
	year 		= {2004},
	volume 	= {13},
	number 	= {4},
	pages 	= {600--612}
},

@article{Kajiya:1986:RE:15886.15902,
	author = {Kajiya, James T.},
	title = {The Rendering Equation},
	journal = {SIGGRAPH Comput. Graph.},
	issue_date = {Aug. 1986},
	volume = {20},
	number = {4},
	month = aug,
	year = {1986},
	issn = {0097-8930},
	pages = {143--150},
	numpages = {8},
	url = {http://doi.acm.org/10.1145/15886.15902},
	doi = {10.1145/15886.15902},
	acmid = {15902},
	publisher = {ACM},
	address = {New York, NY, USA},
},

@inproceedings{staib2015,
	title = {Visualization of Particle-based Data with Transparency and Ambient Occlusion},
	author = {Staib, Joachim and Grottel, Sebastian and Gumhold, Stefan},
	journal = {Proceedings of EuroVis 2015},
	pages = {to appear},
	year = {2015}
}
